
@techreport{wirthAktuelleFaktenZur2018,
  title = {{Aktuelle Fakten zur Photovoltaik in Deutschland}},
  language = {de},
  institution = {{Fraunhofer-Institut f\"ur Solare Energiesysteme ISE}},
  author = {Wirth, Harry},
  year = {2018}
}

@misc{ModulePriceIndex2018,
  title = {Module {{Price Index}}},
  language = {en},
  journal = {pv magazine},
  howpublished = {https://www.pv-magazine.com/features/investors/module-price-index/},
  month = nov,
  year = {2018}
}

@misc{SolarmoduleEBay2018,
  title = {{Solarmodule eBay}},
  language = {de},
  journal = {eBay},
  howpublished = {https://www.ebay.de/b/Solarmodule/41981/bn\_16580037},
  year = {2018}
}

@article{pfenningerLongtermPatternsEuropean2016,
  title = {Long-Term Patterns of {{European PV}} Output Using 30 Years of Validated Hourly Reanalysis and Satellite Data},
  volume = {114},
  issn = {0360-5442},
  doi = {10.1016/j.energy.2016.08.060},
  abstract = {Solar PV is rapidly growing globally, creating difficult questions around how to efficiently integrate it into national electricity grids. Its time-varying power output is difficult to model credibly because it depends on complex and variable weather systems, leading to difficulty in understanding its potential and limitations. We demonstrate how the MERRA and MERRA-2 global meteorological reanalyses as well as the Meteosat-based CM-SAF SARAH satellite dataset can be used to produce hourly PV simulations across Europe. To validate these simulations, we gather metered time series from more than 1000~PV systems as well as national aggregate output reported by transmission network operators. We find slightly better accuracy from satellite data, but greater stability from reanalysis data. We correct for systematic bias by matching our simulations to the mean bias in modeling individual sites, then examine the long-term patterns, variability and correlation with power demand across Europe, using thirty years of simulated outputs. The results quantify how the increasing deployment of PV substantially changes net power demand and affects system adequacy and ramping requirements, with heterogeneous impacts across different European countries. The simulation code and the hourly simulations for all European countries are available freely via an interactive web platform, www.renewables.ninja.},
  journal = {Energy},
  author = {Pfenninger, Stefan and Staffell, Iain},
  month = nov,
  year = {2016},
  keywords = {Grid integration of renewables,Meteorological reanalysis,Renewables,Satellite irradiance estimation,Solar energy},
  pages = {1251-1265},
  file = {/Users/maxi/Zotero/storage/8GXKX8DL/Pfenninger and Staffell - 2016 - Long-term patterns of European PV output using 30 .pdf;/Users/maxi/Zotero/storage/5FWGRGDB/S0360544216311744.html}
}

@misc{GithubSearchMicrogrid2018,
  title = {Github {{Search}} -  '{{Microgrid Optimization}}' , Sorted by Most Stars},
  language = {en},
  journal = {github.com},
  howpublished = {https://github.com/search?o=desc\&q=microgrid+optimization\&s=stars\&type=Repositories},
  year = {2018}
}

@misc{HOMERGridBehindtheMeter2018,
  title = {{{HOMER Grid Behind}}-the-{{Meter Optimization Software}} for {{Demand Charge Reduction}} and {{Energy Arbitrage}}},
  language = {en},
  journal = {HOMER Energy},
  howpublished = {https://www.homerenergy.com/products/grid/index.html},
  year = {2018}
}

@misc{DistributedEnergyResources2018,
  title = {Distributed {{Energy Resources}} - {{Customer Adoption Model}} ({{DER}}-{{CAM}})},
  journal = {Berkeley Lab},
  howpublished = {https://building-microgrid.lbl.gov/projects/der-cam},
  year = {2018}
}

@misc{NaturalGasPrices2018,
  title = {{Natural gas prices for households in Germany from 2010 to 2018, semi-annually (in euro cents per kilowatt-hour)}},
  language = {de},
  journal = {statista.com},
  howpublished = {https://www.statista.com/statistics/418009/natural-gas-prices-for-households-in-germany/},
  year = {2018}
}

@misc{BlueGENWorldsMost2018,
  title = {{{BlueGEN}} - the Worlds Most Efficient Micro-{{CHP}}},
  language = {en},
  publisher = {{SOLIDpower S.p.a.}},
  year = {2018}
}

@misc{PowerwallTesla2018,
  title = {Powerwall - {{Tesla}}},
  language = {en},
  journal = {Tesla},
  howpublished = {https://www.tesla.com/de\_DE/powerwall?redirect=no},
  year = {2018}
}

@misc{VictronEnergyLithium2018,
  title = {{Victron Energy Lithium HE Batterie 24V 200Ah}},
  language = {de},
  journal = {GreenAkku.de},
  howpublished = {http://greenakku.de/Batterien/Lithium-Batterien/Victron-Energy-Lithium-HE-Batterie-24V-200Ah::1405.html?MODsid=qhinvdl0nmp4htfsvre2igl0b4},
  year = {2018}
}

@misc{LithiumIonenHEHigh2018,
  title = {{Lithium-Ionen HE (High Energy) Batterie und Lynx Ion BMS}},
  language = {DE},
  publisher = {{Victron Energy}},
  year = {2018}
}

@misc{rwepowerRahmendatenMorschenichGemeinde2018,
  type = {{Corporate}},
  title = {{Rahmendaten - Morschenich, Gemeinde Merzenich (Kreis D\"uren)}},
  language = {de},
  journal = {RWE},
  howpublished = {http://www.rwe.com/web/cms/de/1375406/umsiedlung/meine-umsiedlung/morschenich/rahmendaten/},
  author = {RWE Power},
  year = {2018}
}

@misc{gemeindemerzenichUmsiedlungMorschenich,
  title = {{Umsiedlung Morschenich}},
  abstract = {Morschenich ist ein Ortsteil der Gemeinde Merzenich im Kreis D\"uren, Nordrhein-Westfalen. Der Ort liegt im zuk\"unftigen Abbaugebiet des Tagebaus Hambach. Durch eine B\"urgerbefragung wurde der neue Standort im Westen von Merzenich ,,Zwischen den H\"ofen``, jenseits der L264, von den B\"urgern festgelegt. Die Morschenicher B\"urgerinnen und B\"urger k\"onnen seit dem Jahr 2015 in den neu entstehenden Ort ,,Morschenich-Neu`` umsiedeln.},
  language = {de},
  journal = {Gemeinde Merzenich},
  howpublished = {https://www.gemeinde-merzenich.de/freizeitkultur/Umsiedlung.php},
  author = {Gemeinde Merzenich}
}

@misc{bauerAbgrundtief2018,
  type = {{Newspaper}},
  title = {{Abgrundtief}},
  abstract = {Wo jetzt das Dorf Morschenich steht, wird in wenigen Jahren nur noch ein Loch sein. Aber ausgerechnet an diesem unsicheren Ort w\"achst eine ungew\"ohnliche Freundschaft.},
  language = {de},
  journal = {Zeit Online},
  howpublished = {https://www.zeit.de/2018/09/freundschaft-dorf-morschenich-fluechtlinge-solidaritaet-nachbarschaft},
  author = {Bauer, Patrick},
  month = feb,
  year = {2018}
}

@misc{bdewStandardlastprofileStrom2017,
  title = {{Standardlastprofile Strom}},
  language = {de},
  publisher = {{bdew}},
  author = {{bdew}},
  month = jan,
  year = {2017}
}

@misc{fuenfgeldAnwendungRepraesentativenVDEWLastprofile2000,
  title = {{Anwendung der Repr\"asentativen VDEW-Lastprofile}},
  language = {de},
  publisher = {{Brandenburgische Technische Universit\"at Cottbus}},
  author = {F\"unfgeld, Christian and Tiedemann, Remo},
  year = {2000}
}

@misc{vereindeutscheringenieureReferenzlastprofileUndMehrfamilien2008,
  title = {{Referenzlastprofile von Ein- und Mehrfamilien- h\"ausern f\"ur den Einsatz von KWK-Anlagen}},
  abstract = {In Deutschland wurden bisher einige tausend KWK- Anlagen kleiner Leistung installiert. Bei der Fest- legung der technischen Daten stellte man jedoch fest, dass es derzeit keine Normen oder Richtlinien zur Bestimmung des Normnutzungsgrades gibt. Dieser w\"are f\"ur einen Wirtschaftlichkeitsvergleich jedoch sehr wichtig.
F\"ur konventionelle Heizger\"ate wird heute die DIN 4702-8 herangezogen. Dabei definiert die DIN verschiedene Teillastpunkte f\"ur den Heizbetrieb, die bei vorgegebenen Temperaturspreizungen des Heiz- wassers vermessen werden.
Dieses Verfahren ist auf kleine KWK-Anlagen prin- zipiell \"ubertragbar. Jedoch m\"ussen Angaben zur Be- stimmung des elektrischen Nutzungsgrades erg\"anzt werden, die f\"ur den Betreiber von kleinen KWK-An- lagen als Kennwerte fundamental sind, da sie einen gro\ss{}en Einfluss auf die Wirtschaftlichkeit haben.
Innerhalb des Arbeitskreises ,,Brennstoffzellen in der Haustechnik`` des VDI-GET-Fachausschusses ,,Brennstoffzellen`` (BREZEL) wurden die Vorarbei- ten, das hei\ss{}t die Sammlung und Auswertung von Messdaten sowie die Erstellung der typischen Last- profile geleistet. Dem Arbeitskreis wurden existie- rende ein- bis zweij\"ahrige Messdaten von Ein- und Mehrfamilienh\"ausern zur Verf\"ugung gestellt \textendash{} Strom-, Heizw\"arme- und Warmwasserlastg\"ange. Die Messdaten von Ein- und Zweifamilienh\"ausern liegen als Minutenmittelwerte, die Messdaten von Mehrfa- milienh\"ausern als 15-Minuten-Mittelwerte vor. Da die Erfassung der Lastg\"ange \"uber einen Zeitraum von einem Jahr eine \"uberaus gro\ss{}e Datenmenge verursa- chen w\"urde, wurde auf typische Lastg\"ange bestimm- ter Tage zur\"uckgegriffen. Typische Lastprofile sind wichtig f\"ur die Auslegung und Wirtschaftlichkeitsbe- rechung von KWK-Anlagen.
Die Richtlinie VDI 4655 soll als Hilfestellung die- nen, Nutzungsgrade von KWK-Anlagen zur Liefe- rung von W\"arme und Strom in Wohngeb\"auden zu be- stimmen.
Grundlage der Richtlinie ist dabei die Ermittlung von Referenzlastprofilen aus gemessenen W\"arme-, Strom- und Warmwasserverbr\"auchen von f\"unf Ein- und drei Mehrfamilienh\"ausern. Die Referenzlastpro- file wurden aus den Messwerten f\"ur zehn Typtag- kategorien erstellt.
Ein Referenzlastprofil ist die Auswahl desjenigen Profils aus der Menge der definierten Typtage, das dem typischen Verlauf der gemessenen Tage am n\"achsten kommt. Somit ist gew\"ahrleistet, dass die Charakteristika eines Profils erhalten bleiben und nicht durch Mittelwertbildung und die damit verbun- dene Gl\"attung verloren gehen.
Die Vorgehensweise bei der Ermittlung der Referenz- lastprofile ist in [1] ausf\"uhrlich beschrieben.
Analyse und Auswertung der Messdaten sowie die Ermittlung von Referenzlastprofilen wurden vom Gasw\"arme-Institut e. V., Essen geleistet. Die Ergeb- nisse der Auswertung flie\ss{}en in die Richtlinie ein.
F\"ur die Bestimmung des Normnutzungsgrades einer KWK-Anlage wird eine DIN-Norm erstellt. Zur Aus- legung einer Mikro-KWK-Anlage in Wohngeb\"auden ist die Richtlinie VDI 4656 in Vorbereitung.},
  language = {ger/en},
  publisher = {{VDI}},
  author = {VEREIN DEUTSCHER INGENIEURE},
  month = may,
  year = {2008}
}


