
@article{abrell_integrating_2015,
	title = {Integrating {Intermittent} {Renewable} {Wind} {Generation} – {A} {Stochastic} {Multi}-{Market} {Electricity} {Model} for the {European} {Electricity} {Market}},
	volume = {15},
	issn = {1572-9427},
	url = {http://dx.doi.org/10.1007/s11067-014-9272-4},
	doi = {10.1007/s11067-014-9272-4},
	number = {1},
	journal = {Networks and Spatial Economics},
	author = {Abrell, Jan and Kunz, Friedrich},
	year = {2015},
	pages = {117--147}
}

@book{birge_introduction_2011,
	address = {New York, USA},
	edition = {2},
	series = {Springer series in operations research and financial engineering},
	title = {Introduction to {Stochastic} {Programming}},
	isbn = {978-1-4614-0236-7 978-1-4614-0237-4},
	publisher = {Springer},
	author = {Birge, John R. and Louveaux, François},
	year = {2011},
	keywords = {stochastic programming}
}

@article{most_survey_2010,
	title = {A survey of stochastic modelling approaches for liberalised electricity markets},
	volume = {207},
	issn = {0377-2217},
	url = {http://www.sciencedirect.com/science/article/pii/S0377221709008571},
	doi = {10.1016/j.ejor.2009.11.007},
	number = {2},
	journal = {European Journal of Operational Research},
	author = {Möst, Dominik and Keles, Dogan},
	year = {2010},
	keywords = {Energy system models, Energy systems analysis, OR in energy, Stochastic processes, Stochastic programming, Uncertainty modelling},
	pages = {543--556}
}

@article{heitsch_scenario_2003,
	title = {Scenario {Reduction} {Algorithms} in {Stochastic} {Programming}},
	volume = {24},
	issn = {09266003},
	url = {http://link.springer.com/10.1023/A:1021805924152},
	doi = {10.1023/A:1021805924152},
	number = {2},
	urldate = {2016-09-29},
	journal = {Computational Optimization and Applications},
	author = {Heitsch, Holger and Römisch, Werner},
	year = {2003},
	pages = {187--206}
}

@inproceedings{growe-kuska_scenario_2003,
	address = {Bologna, Italy},
	title = {Scenario {Reduction} and {Scenario} {Tree} {Construction} for {Power} {Management} {Problems}},
	url = {https://www.mathematik.hu-berlin.de/~heitsch/ieee03ghr.pdf},
	doi = {10.1109/PTC.2003.1304379},
	urldate = {2016-09-18},
	booktitle = {Bologna {Power} {Tech} {Conference}},
	publisher = {IEEE Publishing},
	author = {Gröwe-Kuska, Nicole and Heitsch, Holger and Römisch, Werner},
	month = jul,
	year = {2003}
}

@book{graeber_handel_2014,
	address = {Wiesbaden, Germany},
	title = {Handel mit {Strom} aus erneuerbaren {Energien}: {Kombination} von {Prognosen}},
	isbn = {978-3-658-03642-3 3-658-03641-9 978-3-658-03641-6 978-3-658-03642-3},
	shorttitle = {Handel mit {Strom} aus erneuerbaren {Energien}},
	language = {ger},
	publisher = {Springer Gabler},
	author = {Graeber, Dietmar},
	year = {2014},
	keywords = {Deutschland, Elektrizitätshandel, Elektrizitätsmarkt, Elektrizitätsversorgung, Energiehandel, Energiemarkt, Erneuerbare Energie, Erneuerbare Energien, Kapazitätsplanung, Prognoseverfahren, Theorie}
}

@techreport{kunz_coordinating_2016,
	address = {Berlin, Germany},
	type = {{DIW} {Berlin}, {Discussion} {Paper}},
	title = {Coordinating {Cross}-{Country} {Congestion} {Management}},
	url = {https://www.diw.de/documents/publikationen/73/diw_01.c.527010.de/dp1551.pdf},
	number = {1551},
	urldate = {2016-10-06},
	author = {Kunz, Friedrich and Zerrahn, Alexander},
	year = {2016}
}

@incollection{wallace_stochastic_2003,
	title = {Stochastic {Programming} {Models} in {Energy}},
	volume = {10},
	isbn = {978-0-444-50854-6},
	url = {http://linkinghub.elsevier.com/retrieve/pii/S0927050703100102},
	language = {en},
	urldate = {2016-10-06},
	booktitle = {Handbooks in {Operations} {Research} and {Management} {Science}},
	publisher = {Elsevier},
	author = {Wallace, Stein W. and Fleten, Stein-Erik},
	year = {2003},
	pages = {637--677}
}

@article{ekstrom_statistical_2016,
	title = {A statistical approach for hourly photovoltaic power generation modeling with generation locations without measured data},
	volume = {132},
	issn = {0038092X},
	url = {http://linkinghub.elsevier.com/retrieve/pii/S0038092X1600164X},
	doi = {10.1016/j.solener.2016.02.055},
	language = {en},
	urldate = {2016-10-06},
	journal = {Solar Energy},
	author = {Ekström, Jussi and Koivisto, Matti and Millar, John and Mellin, Ilkka and Lehtonen, Matti},
	year = {2016},
	pages = {173--187}
}

@article{pierro_multi-model_2016,
	title = {Multi-{Model} {Ensemble} for day ahead prediction of photovoltaic power generation},
	volume = {134},
	issn = {0038092X},
	url = {http://linkinghub.elsevier.com/retrieve/pii/S0038092X16300731},
	doi = {10.1016/j.solener.2016.04.040},
	language = {en},
	urldate = {2016-10-06},
	journal = {Solar Energy},
	author = {Pierro, Marco and Bucci, Francesco and De Felice, Matteo and Maggioni, Enrico and Moser, David and Perotto, Alessandro and Spada, Francesco and Cornaro, Cristina},
	year = {2016},
	pages = {132--146}
}

@book{kall_stochastic_1994,
	address = {Chichester, UK},
	series = {Wiley-{Interscience} series in systems and optimization},
	title = {Stochastic {Programming}},
	isbn = {978-0-471-95108-7 978-0-471-95158-2},
	publisher = {John Wiley \& Sons},
	author = {Kall, Peter and Wallace, Stein W.},
	year = {1994},
	keywords = {stochastic programming}
}

@incollection{schultz_generierung_2009,
	address = {Berlin, Germany},
	series = {Umwelt- und {Ressourcenökonomik}},
	title = {Generierung von {Szenariobäumen} und {Szenarioreduktion} für stochastische {Optimierungsprobleme} in der {Energiewirtschaft}},
	volume = {26},
	isbn = {978-3-8258-1359-8},
	booktitle = {Innovative {Modellierung} und {Optimierung} von {Energiesystemen}},
	publisher = {Lit},
	author = {Heitsch, Holger and Henrion, Réné and Küchler, C and Römisch, Werner},
	editor = {Schultz, R. and Wagner, Hermann-Josef},
	year = {2009},
	keywords = {Economics, Mathelmatical optimization, Mathematical models, Renewable energy sources, Stochastic processes},
	pages = {227 -- 254}
}

@article{swider_costs_2006,
	title = {The {Costs} of {Wind}’s {Intermittency} in {Germany}: {Application} of a {Stochastic} {Electricity} {Market} {Model}},
	volume = {17},
	doi = {10.1002/etep.125},
	journal = {European Transactions on Electrical Power},
	author = {Swider, Derk and Weber, Christoph},
	year = {2006},
	pages = {151--172}
}

@article{hill_application_2012,
	title = {Application of {Auto}-{Regressive} {Models} to {U}.{K}. {Wind} {Speed} {Data} for {Power} {System} {Impact} {Studies}},
	volume = {3},
	issn = {1949-3029, 1949-3037},
	url = {http://ieeexplore.ieee.org/document/5966365/},
	doi = {10.1109/TSTE.2011.2163324},
	number = {1},
	urldate = {2016-10-06},
	journal = {IEEE Transactions on Sustainable Energy},
	author = {Hill, David C. and McMillan, David and Bell, Keith R. W. and Infield, David},
	year = {2012},
	pages = {134--141}
}

@article{ji_prediction_2011,
	title = {Prediction of hourly solar radiation using a novel hybrid model of {ARMA} and {TDNN}},
	volume = {85},
	issn = {0038092X},
	url = {http://linkinghub.elsevier.com/retrieve/pii/S0038092X11000259},
	doi = {10.1016/j.solener.2011.01.013},
	language = {en},
	number = {5},
	urldate = {2016-10-06},
	journal = {Solar Energy},
	author = {Ji, Wu and Chee, Keong Chan},
	month = may,
	year = {2011},
	pages = {808--817}
}

@article{mora-lopez_multiplicative_1998,
	title = {Multiplicative {ARMA} models to generate hourly series of global irradiation},
	volume = {63},
	issn = {0038092X},
	url = {http://linkinghub.elsevier.com/retrieve/pii/S0038092X98000784},
	doi = {10.1016/S0038-092X(98)00078-4},
	language = {en},
	number = {5},
	urldate = {2016-10-06},
	journal = {Solar Energy},
	author = {Mora-López, Ll. and Sidrach-de-Cardona, M.},
	year = {1998},
	pages = {283--291}
}

@article{alqurashi_treatment_2016,
	title = {Treatment of uncertainty for next generation power systems: {State}-of-the-art in stochastic optimization},
	volume = {141},
	issn = {03787796},
	shorttitle = {Treatment of uncertainty for next generation power systems},
	url = {http://linkinghub.elsevier.com/retrieve/pii/S0378779616303017},
	doi = {10.1016/j.epsr.2016.08.009},
	language = {en},
	urldate = {2016-11-13},
	journal = {Electric Power Systems Research},
	author = {Alqurashi, Amru and Etemadi, Amir H. and Khodaei, Amin},
	year = {2016},
	pages = {233--245}
}

@article{schulze_value_2016,
	title = {The value of stochastic programming in day-ahead and intra-day generation unit commitment},
	volume = {101},
	issn = {03605442},
	url = {http://linkinghub.elsevier.com/retrieve/pii/S0360544216300275},
	doi = {10.1016/j.energy.2016.01.090},
	language = {en},
	urldate = {2016-11-13},
	journal = {Energy},
	author = {Schulze, Tim and McKinnon, Ken},
	year = {2016},
	pages = {592--605}
}

@article{quan_computational_2015,
	title = {A computational framework for uncertainty integration in stochastic unit commitment with intermittent renewable energy sources},
	volume = {152},
	issn = {03062619},
	url = {http://linkinghub.elsevier.com/retrieve/pii/S0306261915005668},
	doi = {10.1016/j.apenergy.2015.04.103},
	language = {en},
	urldate = {2016-11-13},
	journal = {Applied Energy},
	author = {Quan, Hao and Srinivasan, Dipti and Khambadkone, Ashwin M. and Khosravi, Abbas},
	year = {2015},
	pages = {71--82}
}

@article{abedi_risk-constrained_2011,
	title = {Risk-{Constrained} {Unit} {Commitment} of {Power} {System} {Incorporating} {PV} and {Wind} {Farms}},
	volume = {2011},
	issn = {2090-7451, 2090-746X},
	url = {http://www.hindawi.com/journals/isrn/2011/309496/},
	doi = {10.5402/2011/309496},
	language = {en},
	urldate = {2016-11-13},
	journal = {ISRN Renewable Energy},
	author = {Abedi, Sajjad and Riahy, Gholam Hossein and Hosseinian, Seyed Hossein and Alimardani, Arash},
	year = {2011},
	pages = {1--8}
}

@article{hytowitz_managing_2015,
	title = {Managing solar uncertainty in microgrid systems with stochastic unit commitment},
	volume = {119},
	issn = {03787796},
	url = {http://linkinghub.elsevier.com/retrieve/pii/S0378779614003174},
	doi = {10.1016/j.epsr.2014.08.020},
	language = {en},
	urldate = {2016-11-13},
	journal = {Electric Power Systems Research},
	author = {Hytowitz, Robin Broder and Hedman, Kory W.},
	year = {2015},
	pages = {111--118}
}

@article{reikard_predicting_2009,
	title = {Predicting solar radiation at high resolutions: {A} comparison of time series forecasts},
	volume = {83},
	issn = {0038092X},
	shorttitle = {Predicting solar radiation at high resolutions},
	url = {http://linkinghub.elsevier.com/retrieve/pii/S0038092X08002107},
	doi = {10.1016/j.solener.2008.08.007},
	language = {en},
	number = {3},
	urldate = {2016-11-13},
	journal = {Solar Energy},
	author = {Reikard, Gordon},
	year = {2009},
	pages = {342--349}
}

@article{lorenz_irradiance_2009,
	title = {Irradiance {Forecasting} for the {Power} {Prediction} of {Grid}-{Connected} {Photovoltaic} {Systems}},
	volume = {2},
	issn = {1939-1404},
	url = {http://ieeexplore.ieee.org/document/4897348/},
	doi = {10.1109/JSTARS.2009.2020300},
	number = {1},
	urldate = {2016-11-13},
	journal = {IEEE Journal of Selected Topics in Applied Earth Observations and Remote Sensing},
	author = {Lorenz, Elke and Hurka, Johannes and Heinemann, Detlev and Beyer, Hans Georg},
	year = {2009},
	pages = {2--10}
}

@techreport{diagne_solar_2012,
	address = {Denver, United States},
	type = {{WREF} 2012 - {World} {Renewable} {Energy} {Forum}},
	title = {Solar irradiation forecasting: state-of-the-art and proposition for future developments for small-scale insular grids},
	author = {Diagne, Hadja Maïmouna and Lauret, Phillippe and David, Mathieu},
	year = {2012}
}

@article{zheng_overview:_2011,
	title = {An {Overview}: the {Development} of {Prediction} {Technology} of {Wind} and {Photovoltaic} {Power} {Generation}},
	volume = {12},
	issn = {18766102},
	shorttitle = {An {Overview}},
	url = {http://linkinghub.elsevier.com/retrieve/pii/S1876610211019072},
	doi = {10.1016/j.egypro.2011.10.081},
	language = {en},
	urldate = {2016-11-13},
	journal = {Energy Procedia},
	author = {Zheng, Z.W. and Chen, Y.Y. and Huo, M.M. and Zhao, B.},
	year = {2011},
	pages = {601--608}
}

@inproceedings{espinar_photvoltaic_2010,
	title = {Photvoltaic {Forecasting}: {A} state of the art},
	booktitle = {5th {European} {PV}-{Hybrid} and {Mini}-{Grid} {Conference}},
	author = {Espinar, Bella and Aznarte, José-Luis and Girard, Robin and Moussa, Alfred Mbairadjim and Kariniotakis, Georges},
	year = {2010}
}

@inproceedings{zhang_investigating_2013,
	address = {Minneapolis, MN, USA},
	title = {Investigating the {Correlation} {Between} {Wind} and {Solar} {Power} {Forecast} {Errors} in the {Western} {Interconnection}},
	isbn = {978-0-7918-5551-5},
	url = {http://proceedings.asmedigitalcollection.asme.org/proceeding.aspx?doi=10.1115/ES2013-18423},
	doi = {10.1115/ES2013-18423},
	urldate = {2016-11-13},
	booktitle = {International {Conference} on {Energy} {Sustainability}},
	publisher = {ASME Publishing},
	author = {Zhang, Jie and Hodge, Bri-Mathias and Florita, Anthony},
	year = {2013}
}

@article{tuohy_unit_2009,
	title = {Unit {Commitment} for {Systems} {With} {Significant} {Wind} {Penetration}},
	volume = {24},
	issn = {0885-8950, 1558-0679},
	url = {http://ieeexplore.ieee.org/document/4806110/},
	doi = {10.1109/TPWRS.2009.2016470},
	number = {2},
	urldate = {2016-11-14},
	journal = {IEEE Transactions on Power Systems},
	author = {Tuohy, A. and Meibom, P. and Denny, E. and O'Malley, M.},
	year = {2009},
	pages = {592--601}
}

@incollection{kallrath_wilmar:_2009,
	address = {Berlin, Heidelberg, Germany},
	title = {{WILMAR}: {A} {Stochastic} {Programming} {Tool} to {Analyze} the {Large}-{Scale} {Integration} of {Wind} {Energy}},
	volume = {3},
	isbn = {978-3-540-88964-9 978-3-540-88965-6},
	shorttitle = {{WILMAR}},
	url = {http://link.springer.com/10.1007/978-3-540-88965-6_19},
	urldate = {2016-11-16},
	booktitle = {Optimization in the {Energy} {Industry}},
	publisher = {Springer Berlin Heidelberg},
	author = {Weber, Christoph and Meibom, Peter and Barth, Rüdiger and Brand, Heike},
	editor = {Kallrath, Josef and Pardalos, Panos M. and Rebennack, Steffen and Scheidt, Max},
	year = {2009},
	pages = {437--458}
}

@article{wu_integrating_2015,
	title = {Integrating solar {PV} in utility system operations: {Analytical} framework and {Arizona} case study},
	volume = {85},
	issn = {03605442},
	shorttitle = {Integrating solar {PV} (photovoltaics) in utility system operations},
	url = {http://linkinghub.elsevier.com/retrieve/pii/S036054421500198X},
	doi = {10.1016/j.energy.2015.02.043},
	language = {en},
	urldate = {2016-11-16},
	journal = {Energy},
	author = {Wu, Jing and Botterud, Audun and Mills, Andrew and Zhou, Zhi and Hodge, Bri-Mathias and Heaney, Mike},
	year = {2015},
	pages = {1--9}
}

@techreport{pelland_photovoltaic_2013,
	type = {International {Energy} {Agency} ({IEA}), {Photovoltaic} {Power} {Systems} {Programme}, {Task} 14, {Subtask} 3.1, {Report} {IEA}-{PVPS} {T}14-01},
	title = {Photovoltaic and {Solar} {Forecasting}: {State} of the {Art}},
	institution = {International Energy Agency},
	author = {Pelland, Sophie and Remund, Jan and Kleissl, Jan and Oozeki, Takashi and Brabandere, Karel De},
	year = {2013}
}

@techreport{boone_simulation_2005,
	address = {Stockholm, Sweden},
	type = {Master's {Thesis} for {Master} of {Science} {Degree} in {Sustainable} {Energy} {Engineering}, {Royal} {Institute} of {Technology}},
	title = {Simulation of {Short}-term {Wind} {Speed} {Forecast} {Errors} using a {Multi}-variate {ARMA}(1,1) {Time}-series {Model}},
	author = {Boone, Andrew},
	year = {2005}
}

@article{wan_photovoltaic_2015,
	title = {Photovoltaic and solar power forecasting for smart grid energy management},
	volume = {1},
	issn = {2096-0042},
	url = {http://ieeexplore.ieee.org/lpdocs/epic03/wrapper.htm?arnumber=7377167},
	doi = {10.17775/CSEEJPES.2015.00046},
	number = {4},
	urldate = {2017-01-24},
	journal = {CSEE Journal of Power and Energy Systems},
	author = {Wan, Can and Zhao, Jian and Song, Yonghua and Xu, Zhao and Lin, Jin and Hu, Zechun},
	year = {2015},
	pages = {38--46}
}

@article{voyant_statistical_2015,
	title = {Statistical parameters as a means to a priori assess the accuracy of solar forecasting models},
	volume = {90},
	issn = {03605442},
	url = {http://linkinghub.elsevier.com/retrieve/pii/S0360544215009846},
	doi = {10.1016/j.energy.2015.07.089},
	language = {en},
	urldate = {2017-01-24},
	journal = {Energy},
	author = {Voyant, Cyril and Soubdhan, Ted and Lauret, Philippe and David, Mathieu and Muselli, Marc},
	year = {2015},
	pages = {671--679}
}

@article{diagne_review_2013,
	title = {Review of solar irradiance forecasting methods and a proposition for small-scale insular grids},
	volume = {27},
	issn = {13640321},
	url = {http://linkinghub.elsevier.com/retrieve/pii/S1364032113004334},
	doi = {10.1016/j.rser.2013.06.042},
	language = {en},
	urldate = {2017-01-24},
	journal = {Renewable and Sustainable Energy Reviews},
	author = {Diagne, Maimouna and David, Mathieu and Lauret, Philippe and Boland, John and Schmutz, Nicolas},
	year = {2013},
	pages = {65--76}
}

@techreport{fraunhofer_ise_aktuelle_2017,
	address = {Freiburg, Germany},
	type = {Daten und {Fakten} zur gesamtheitlichen {Bewertung} des {Photovoltaik}-{Ausbaus} in {Deutschland}},
	title = {Aktuelle {Fakten} zur {Photovoltaik} in {Deutschland}},
	institution = {Fraunhofer-Institut für Solare Energiesysteme},
	author = {{Fraunhofer ISE}},
	year = {2017}
}

@article{chicco_error_2015,
	title = {Error {Assessment} of {Solar} {Irradiance} {Forecasts} and {AC} {Power} from {Energy} {Conversion} {Model} in {Grid}-{Connected} {Photovoltaic} {Systems}},
	volume = {9},
	issn = {1996-1073},
	url = {http://www.mdpi.com/1996-1073/9/1/8},
	doi = {10.3390/en9010008},
	language = {en},
	number = {1},
	urldate = {2017-06-26},
	journal = {Energies},
	author = {Chicco, Gianfranco and Cocina, Valeria and Di Leo, Paolo and Spertino, Filippo and Massi Pavan, Alessandro},
	year = {2015},
	pages = {8}
}

@incollection{arman_improved_2013,
	address = {Rijeka, Croatia},
	title = {Improved {Stochastic} {Modeling}: {An} {Essential} {Tool} for {Power} {System} {Scheduling} in the {Presence} of {Uncertain} {Renewables}},
	isbn = {978-953-51-1040-8},
	url = {http://www.intechopen.com/books/new-developments-in-renewable-energy},
	language = {en},
	urldate = {2017-06-26},
	booktitle = {New {Developments} in {Renewable} {Energy}},
	publisher = {InTech},
	author = {Abedi, Sajjad and Riahy, Gholam Hossein and Hosseinian, Seyed Hossein and Farhadkhani, Mehdi},
	editor = {Arman, Hasan and Yuksel, Ibrahim},
	year = {2013}
}

@article{bacher_online_2009,
	title = {Online short-term solar power forecasting},
	volume = {83},
	issn = {0038092X},
	url = {http://linkinghub.elsevier.com/retrieve/pii/S0038092X09001364},
	doi = {10.1016/j.solener.2009.05.016},
	language = {en},
	number = {10},
	urldate = {2017-06-26},
	journal = {Solar Energy},
	author = {Bacher, Peder and Madsen, Henrik and Nielsen, Henrik Aalborg},
	year = {2009},
	pages = {1772--1783}
}

@inproceedings{barth_stochastic_2006,
	address = {Stockholm, Sweden},
	title = {A stochastic unit-commitment model for the evaluation of the impacts of integration of large amounts of intermittent wind power},
	booktitle = {International {Conference} on {Probabilistic} {Methods} {Applied} to {Power} {Systems}},
	publisher = {Royal Institute of Technology},
	author = {Barth, R. and Brand, H. and Meibom, P. and Weber, C.},
	year = {2006},
	keywords = {Samfund og systemer}
}

@techreport{mills_understanding_2010,
	address = {Berkeley, CA, USA},
	type = {{LBNL} {Paper} {LBNL}-2855E},
	title = {Understanding {Variability} and {Uncertainty} of {Photovoltaics} for {Integration} with the {Electric} {Power} {System}},
	abstract = {Lawrence Berkeley National Laboratory. Lawrence Berkeley National Laboratory: Lawrence Berkeley National Laboratory. LBNL Paper LBNL-2855E.},
	institution = {Lawrence Berkeley National Laboratory},
	author = {Mills, Andrew and Ahlstrom, Mark and Brower, Michael and Ellis, Abraham and George, Ray and Hoff, Tom},
	year = {2010}
}

@article{hayashi_effect_2015,
	title = {Effect of {PV} {Output} and {Load} {Power} {Forecast} {Error} on {Operation} {Design} of {PV} {System} with {Storage} {Battery}},
	volume = {190},
	issn = {04247760},
	url = {http://doi.wiley.com/10.1002/eej.22666},
	doi = {10.1002/eej.22666},
	language = {en},
	number = {1},
	journal = {Electrical Engineering in Japan},
	author = {Hayashi, Takayoshi and Shimoo, Takahiro and Wakao, Shinji},
	year = {2015},
	pages = {28--36}
}

@article{lorenz_regional_2011,
	title = {Regional {PV} power prediction for improved grid integration},
	volume = {19},
	issn = {10627995},
	url = {http://doi.wiley.com/10.1002/pip.1033},
	doi = {10.1002/pip.1033},
	language = {en},
	number = {7},
	urldate = {2017-06-26},
	journal = {Progress in Photovoltaics: Research and Applications},
	author = {Lorenz, Elke and Scheidsteger, Thomas and Hurka, Johannes and Heinemann, Detlev and Kurz, Christian},
	year = {2011},
	pages = {757--771}
}

@article{brouwer_impacts_2014,
	title = {Impacts of large-scale {Intermittent} {Renewable} {Energy} {Sources} on electricity systems, and how these can be modeled},
	volume = {33},
	issn = {13640321},
	url = {http://linkinghub.elsevier.com/retrieve/pii/S1364032114000987},
	doi = {10.1016/j.rser.2014.01.076},
	language = {en},
	urldate = {2017-06-26},
	journal = {Renewable and Sustainable Energy Reviews},
	author = {Brouwer, Anne Sjoerd and van den Broek, Machteld and Seebregts, Ad and Faaij, Andr?},
	year = {2014},
	pages = {443--466}
}

@inproceedings{wang_security-constrained_2009,
	address = {Calgary, AB, Canada},
	title = {Security-constrained unit commitment with volatile wind power generation},
	isbn = {978-1-4244-4241-6},
	url = {http://ieeexplore.ieee.org/document/5275867/},
	doi = {10.1109/PES.2009.5275867},
	urldate = {2017-06-26},
	booktitle = {Power and {Energy} {Society} {General} {Meeting}},
	publisher = {IEEE Publishing},
	author = {Wang, Jianhui and Shahidehpour, Mohammad and Li, Zuyi},
	year = {2009},
	pages = {1319--1327}
}

@inproceedings{ruiz_wind_2009,
	address = {Seattle, WA, USA},
	title = {Wind power day-ahead uncertainty management through stochastic unit commitment policies},
	isbn = {978-1-4244-3810-5},
	url = {http://ieeexplore.ieee.org/document/4840133/},
	doi = {10.1109/PSCE.2009.4840133},
	urldate = {2017-06-26},
	booktitle = {Power {Systems} {Conference} and {Exposition}},
	publisher = {IEEE Publishing},
	author = {Ruiz, Pablo A. and Philbrick, C. Russ and Sauer, Peter W.},
	year = {2009},
	pages = {1--9}
}

@article{leuthold_large-scale_2012,
	title = {A {Large}-{Scale} {Spatial} {Optimization} {Model} of the {European} {Electricity} {Market}},
	volume = {12},
	number = {1},
	journal = {Networks and Spatial Economics},
	author = {Leuthold, Florian and Weigt, Hannes and Hirschhausen, Christian von},
	year = {2012},
	pages = {75--107}
}

@book{meller_jahrbuch_2007,
	address = {Essen, Germany},
	title = {Jahrbuch der europäischen {Energie}- und {Rohstoffwirtschaft}.},
	isbn = {978-3-86797-003-7},
	language = {German},
	publisher = {VGE},
	author = {Meller, Eberhard and Milojicic, George and Schöning, Georg and Wodopia, Franz-Josef},
	year = {2007}
}

@inproceedings{araujo_stochastic_2015,
	address = {Rome, Italy},
	title = {Stochastic unit commitment in a distribution system with photovoltaic power: {Empirical} assessment},
	isbn = {978-1-4799-7993-6},
	shorttitle = {Stochastic unit commitment in a distribution system with photovoltaic power},
	url = {http://ieeexplore.ieee.org/document/7165383/},
	doi = {10.1109/EEEIC.2015.7165383},
	urldate = {2017-06-26},
	booktitle = {Environment and {Electrical} {Engineering} {International} {Conference} ({EEEIC})},
	publisher = {IEEE Publishing},
	author = {Araujo, Thais F. and Uturbey, Wadaed and Monteiro, Luis G. and Xie, Le},
	year = {2015},
	pages = {1443--1447}
}

@article{heitsch_scenario_2009,
	title = {Scenario tree reduction for multistage stochastic programs},
	volume = {6},
	issn = {1619-697X, 1619-6988},
	url = {http://link.springer.com/10.1007/s10287-008-0087-y},
	doi = {10.1007/s10287-008-0087-y},
	language = {en},
	number = {2},
	urldate = {2017-06-26},
	journal = {Computational Management Science},
	author = {Heitsch, Holger and Römisch, Werner},
	year = {2009},
	pages = {117--133}
}

@techreport{ela_impacts_2013,
	address = {Colorado, CO, USA},
	type = {Technical {Report} {NREL}/{TP} -5500-58274},
	title = {Impacts of {Variability} and {Uncertainty} in {Solar} {Photovoltaic} {Generation} at {Multiple} {Timescales}},
	institution = {National  Renewable Energy Laboratory},
	author = {Ela, E. and Diakov, E. and Ibanez, E. and Heaney, M.},
	year = {2013}
}

@techreport{david_outputs_2012,
	address = {Denver, CO, USA},
	type = {{WREF} 2012 - {World} {Renewable} {Energy} {Forum}},
	title = {Outputs and error indicators for solar forecasting models},
	author = {David, Mathieu and Diagne, Hadja Maïmouna and Lauret, Philippe},
	year = {2012}
}

@techreport{uba_erneuerbare_2017,
	address = {Dessau-Roßlau, Germany},
	type = {Stand {Februar} 2017},
	title = {Erneuerbare {Energien} in {Deutschland} – {Daten} zur {Entwicklung} im {Jahr} 2016},
	url = {https://www.umweltbundesamt.de/sites/default/files/medien/376/publikationen/erneuerbare_energien_in_deutschland_daten_zur_entwicklung_im_jahr_2016.pdf},
	urldate = {2017-06-26},
	institution = {Umweltbundesamt (UBA)},
	author = {UBA},
	year = {2017}
}

@inproceedings{wangdee_reliability_2014,
	address = {Chonburi, Thailand},
	title = {Reliability {Impact} of intermittent renewable energy source integration into power system},
	isbn = {978-1-4799-3174-3},
	url = {http://ieeexplore.ieee.org/document/6925977/},
	doi = {10.1109/iEECON.2014.6925977},
	urldate = {2017-06-26},
	booktitle = {International {Electrical} {Engineering} {Congress} ({iEECON})},
	publisher = {IEEE Publishing},
	author = {Wangdee, Wijarn},
	year = {2014},
	pages = {1--4}
}

@techreport{agora_energiewende_12_2013,
	address = {Berlin, Germany},
	type = {010/03-{I}-2013/{EN}},
	title = {12 {Insights} on {Germany}'s {Energiewende} – {A} discussion paper exploring key challenges for the power sector},
	url = {https://www.agora-energiewende.de/fileadmin/Projekte/2012/12-Thesen/Agora_12_Insights_on_Germanys_Energiewende_web.pdf},
	urldate = {2016-09-14},
	author = {{Agora Energiewende}},
	year = {2013}
}

@techreport{fraunhofer_ise_current_2015,
	address = {Freiburg, Germany},
	type = {Study on behalf of {Agora} {Energiewende}},
	title = {Current and {Future} {Cost} of {Photovoltaics}. {Long}-term {Scenarios} for {Market} {Development}, {System} {Prices} and {LCOE} of {Utility}-{Scale} {PV} {Systems}.},
	institution = {Fraunhofer-Institut für Solare Energiesysteme},
	author = {{Fraunhofer ISE}},
	year = {2015}
}